% Encoding: UTF-8

@TechReport{Verdoodt2022,
    author      = {Verdoodt, Björn},
    institution = {Fluvius},
    title       = {Investeringsplan Fluvius 2023-2032},
    year        = {2022},
    month       = oct,
    file        = {:Verdoodt2022 - Investeringsplan Fluvius 2023 2032.pdf:PDF},
    url         = {https://partner.fluvius.be/sites/fluvius/files/2022-06/investeringsplan-2023-2032.pdf},
}

@Article{Wemyss2019,
    author  = {Wemyss, Devon and Cellina, Francesca and Lobsiger-Kägi, Evelyn and de Luca, Vanessa and Castri, Roberta},
    journal = {Energy Research \& Social Science},
    title   = {Does it last? Long-term impacts of an app-based behavior change intervention on household electricity savings in Switzerland},
    year    = {2019},
    month   = jan,
    pages   = {16-27},
    volume  = {47},
    doi     = {https://doi.org/10.1016/j.erss.2018.08.018},
}

@TechReport{VREG2021,
    author      = {Vlaamse Regulator van de Elektriciteits- en Gasmarkt (VREG), (VREG)},
    institution = {VREG},
    title       = {Marktmonitor 2021},
    year        = {2021},
    type        = {techreport},
    file        = {:VREG2021 - Marktmonitor 2021.pdf:PDF},
    url         = {https://www.vreg.be/sites/default/files/document/rapp-2021-18.pdf},
}

@Electronic{Selleslagh2021,
    author       = {Selleslagh, Dirk},
    organization = {Netto, De Tijd},
    title        = {Zo haalt u toch voordeel uit combinatie van warmtepomp en zonnepanelen},
    url          = {https://www.tijd.be/netto/analyse/vastgoed/zo-haalt-u-toch-voordeel-uit-combinatie-van-warmtepomp-en-zonnepanelen/10297339.html},
    year         = {2021},
    date         = {2021-04-13},
    journal      = {Netto, De Tijd},
    timestamp    = {2023-05-25},
    urldate      = {2023-05-25},
}

@Electronic{Selleslagh2022,
    author       = {Selleslagh, Dirk},
    organization = {Netto, De Tijd},
    title        = {Wat betekent het nieuwe piektarief voor uw stroomfactuur?},
    url          = {https://www.tijd.be/netto/dossiers/uw-geld-in-2023/wat-betekent-het-nieuwe-piektarief-voor-uw-stroomfactuur/10434556.html},
    year         = {2022},
    date         = {2022-12-15},
    journal      = {Netto, De Tijd},
    urldate      = {2023-05-15},
}

@Comment{jabref-meta: databaseType:biblatex;}
