% Encoding: UTF-8

@TechReport{Verdoodt2022,
    author      = {Verdoodt, Björn},
    institution = {Fluvius},
    title       = {Investeringsplan Fluvius 2023-2032},
    year        = {2022},
    month       = oct,
    file        = {:Verdoodt2022 - Investeringsplan Fluvius 2023 2032.pdf:PDF},
    url         = {https://partner.fluvius.be/sites/fluvius/files/2022-06/investeringsplan-2023-2032.pdf},
}

@Article{Mack2016,
    author  = {Mack, Birgit and Tampe-Mai, Karolin},
    journal = {Utilities Policy},
    title   = {An action theory-based electricity saving web portal for households with an interface to smart meters},
    year    = {2016},
    month   = oct,
    pages   = {51-63},
    volume  = {42},
    doi     = {https://doi.org/10.1016/j.jup.2016.05.003},
    url     = {https://www.sciencedirect.com/science/article/abs/pii/S0957178716301217},
}

@Book{Wood2019,
    author    = {Wood, Wendy},
    publisher = {HarperCollins Holland},
    title     = {Gelukkig met gewoontes},
    year      = {2019},
    isbn      = {9789402759068},
}

@Article{Wemyss2019,
    author  = {Wemyss, Devon and Cellina, Francesca and Lobsiger-Kägi, Evelyn and de Luca, Vanessa and Castri, Roberta},
    journal = {Energy Research \& Social Science},
    title   = {Does it last? Long-term impacts of an app-based behavior change intervention on household electricity savings in Switzerland},
    year    = {2019},
    month   = jan,
    pages   = {16-27},
    volume  = {47},
    doi     = {https://doi.org/10.1016/j.erss.2018.08.018},
}

@Article{Mack2019,
    author  = {Mack, Birgit and Tampe-Mai, Karolin and Kouros, Jens and Roth, Frederick and Taube, Oliver and Diesch, Eugen},
    journal = {Energy Research \& Social Science},
    title   = {Bridging the electricity saving intention-behavior gap: A German field experiment with a smart meter website},
    year    = {2019},
    month   = jul,
    pages   = {34-46},
    volume  = {53},
    doi     = {https://doi.org/10.1016/j.erss.2019.01.024},
    url     = {https://www.sciencedirect.com/science/article/abs/pii/S2214629618308387},
}

@TechReport{VREG2021,
    author      = {Vlaamse Regulator van de Elektriciteits- en Gasmarkt (VREG), (VREG)},
    institution = {VREG},
    title       = {Marktmonitor 2021},
    year        = {2021},
    type        = {techreport},
    file        = {:VREG2021 - Marktmonitor 2021.pdf:PDF},
    url         = {https://www.vreg.be/sites/default/files/document/rapp-2021-18.pdf},
}


@Electronic{Verdoodt2018,
    author    = {Verdoodt, Björn},
    title     = {Fluviuslanceert testlabo’s voor digitale meters},
    url       = {https://pers.fluvius.be/fluvius-lanceert-testlabos-voor-digitale-meters},
    year      = {2018},
    date      = {2018-09-13},
    file      = {:Literatuurstudie/2018 09 13 - Fluvius lanceert testlabo’s voor digitale meters .pdf:PDF},
    timestamp = {2023-05-20},
    urldate   = {2023-05-14},
}

@Electronic{Depuydt2021,
    author       = {Depuydt, Jens},
    howpublished = {Blog},
    title        = {Data lezen van de P1 poort op de Belgische digitale elektriciteitsmeter},
    url          = {https://jensd.be/1205/linux/data-lezen-van-de-belgische-digitale-meter-met-de-p1-poort},
    year         = {2021},
    date         = {2021-02-04},
    timestamp    = {2023-05-21},
    urldate      = {2023-05-21},
}

@Electronic{Deman2021,
    author       = {Deman, Kurt},
    organization = {Mijnenergie},
    title        = {Hoe maak je een digitale meter slim?},
    url          = {https://www.mijnenergie.be/blog/hoe-maak-je-een-digitale-meter-slim/#:~:text=De website www.maakjemeterslim.be,real time op te volgen.},
    year         = {2021},
    date         = {2021-08-04},
    timestamp    = {2023-05-15},
    urldate      = {2023-05-15},
}

@Article{Guo2022,
    author  = {Guo, Zhifeng and O'Hanley, Jesse R. and Gibson, Stuart},
    journal = {Utilities Policy},
    title   = {Predicting residential electricity consumption patterns based on smart meter and household data: A case study from the Republic of Ireland},
    year    = {2022},
    month   = dec,
    number  = {101446},
    volume  = {79},
    doi     = {https://doi.org/10.1016/j.jup.2022.101446},
    file    = {:- (1).pdf:PDF},
    url     = {https://www.sciencedirect.com/science/article/pii/S0957178722001102},
}

@Electronic{Allardice,
    author       = {Allardice, Simon and Bancroft, Andrew and Ferrone, Harrison and Moeykens, Mark and Nutter, David and Nyisztor, Karoly and Wong, Jonathan},
    language     = {English},
    organization = {Pluralsight},
    title        = {iOS App Development - Fundamentals},
    url          = {https://www.pluralsight.com/paths/ios},
    year         = {2023},
    date         = {2023-05-24},
    timestamp    = {2023-05-24},
    urldate      = {2023-05-24},
}

@Electronic{Firtman2022,
    author       = {Firtman, Maximiliano},
    organization = {Frontend Masters},
    title        = {How to Choose the Right Mobile App Platform},
    url          = {https://frontendmasters.com/blog/choosing-mobile-platform/},
    year         = {2022},
    date         = {2022-11-21},
    timestamp    = {2023-05-24},
    urldate      = {2023-05-24},
}

@Electronic{Malik2023,
    author       = {Malik, Sahil},
    organization = {Pluralsight},
    title        = {Developing AI Models in Microsoft Azure},
    url          = {https://www.pluralsight.com/courses/microsoft-azure-ai-models-developing},
    date         = {2023-05-25},
    timestamp    = {2023-05-25},
    urldate      = {2023-05-25},
}

@Electronic{Selleslagh2021,
    author       = {Selleslagh, Dirk},
    organization = {Netto, De Tijd},
    title        = {Zo haalt u toch voordeel uit combinatie van warmtepomp en zonnepanelen},
    url          = {https://www.tijd.be/netto/analyse/vastgoed/zo-haalt-u-toch-voordeel-uit-combinatie-van-warmtepomp-en-zonnepanelen/10297339.html},
    year         = {2021},
    date         = {2021-04-13},
    journal      = {Netto, De Tijd},
    timestamp    = {2023-05-25},
    urldate      = {2023-05-25},
}

@Electronic{Selleslagh2022,
    author       = {Selleslagh, Dirk},
    organization = {Netto, De Tijd},
    title        = {Wat betekent het nieuwe piektarief voor uw stroomfactuur?},
    url          = {https://www.tijd.be/netto/dossiers/uw-geld-in-2023/wat-betekent-het-nieuwe-piektarief-voor-uw-stroomfactuur/10434556.html},
    year         = {2022},
    date         = {2022-12-15},
    journal      = {Netto, De Tijd},
    urldate      = {2023-05-15},
}

@Electronic{Jong2020,
    author       = {de Jong, David},
    month        = may,
    organization = {Hardware Info},
    title        = {Upgrade je stopcontact: 15 slimme stekkers getest},
    url          = {https://be.hardware.info/artikel/9945/upgrade-je-stopcontact-15-slimme-stekkers-getest},
    year         = {2020},
    date         = {2020-05-16},
    file         = {:Jong2020 - Upgrade Je Stopcontact_ 15 Slimme Stekkers Getest.html:URL},
    urldate      = {2023-05-03},
}

@Electronic{Uytterhoeven2019,
    author       = {Uytterhoeven, Anke and Arteconi, Alessia and Helsen, Lieve},
    organization = {KU Leuven},
    title        = {De digitale meter en warmtepompen},
    url          = {https://lirias.kuleuven.be/retrieve/540231},
    year         = {2019},
    date         = {2019-05-24},
    file         = {:Literatuurstudie/DigitaleMeter_WP_PV.pdf:PDF},
    timestamp    = {2023-04-12},
    urldate      = {2023-04-12},
}

@Online{LewisFowler2014,
  author    = {Lewis, James and Fowler, Martin},
  title     = {Microservices: a definition of this new architectural term},
  date      = {2014-03-25},
  url       = {http://martinfowler.com/articles/microservices.html},
  urldate   = {2016-09-01},
}

@Online{Hykes2013,
  author    = {Solomon Hykes},
  title     = {The future of Linux Containers (PyCon 2013)},
  date      = {2013-03-21},
  url       = {https://www.youtube.com/watch?v=wW9CAH9nSLs},
  urldate   = {2016-09-01},
}

@Article{Balakumar2023,
    author  = {Balakumar, P. and Vinopraba, T. and Chandrasekaran, K.},
    journal = {Sustainable Cities and Society},
    title   = {Machine learning based demand response scheme for IoT enabled PVintegrated smart building},
    year    = {2023},
    month   = feb,
    volume  = {89},
    doi     = {https://doi.org/10.1016/j.scs.2022.104260},
    file    = {:/Users/jantubeeckx/Documents/TILE/TILE3/Bachelorproef/Bibliografie/1-s2.0-S2210670722005650-main (1).pdf:PDF},
    url     = {https://www.sciencedirect.com/science/article/pii/S2210670722005650},
}

@Article{Gozuoglu2024,
    author  = {Gozuoglu, Abdulkadir and Ozgonenel, Okan and Gezegin Cenk},
    journal = {Internet of Things},
    title   = {CNN-LSTM based deep learning application on Jetson Nano: Estimating electrical energy consumption for future smart homes},
    year    = {2024},
    month   = jul,
    number  = {101148},
    volume  = {26},
    doi     = {https://doi.org/10.1016/j.iot.2024.101148},
    file    = {:/Users/jantubeeckx/Documents/TILE/TILE3/Bachelorproef/Bibliografie/1-s2.0-S2542660524000908-main.pdf:PDF},
    url     = {https://www.sciencedirect.com/science/article/pii/S2542660524000908},
}

@Article{BarreraAnimas2022,
    author    = {Barrera-Animas, Ari Yair and Oyedele, Lukumon O. and Bilal, Muhammad and Akinosho, Taofeek Dolapo and Delgado, Juan Manuel Davila and Adewale Akanbi, Lukman},
    journal   = {Machine Learning with Applications},
    title     = {Rainfall prediction: A comparative analysis of modern machine learning algorithms for time-series forecasting},
    year      = {2022},
    month     = mar,
    number    = {100204},
    volume    = {7},
    doi       = {https://doi.org/10.1016/j.mlwa.2021.100204},
    file      = {:https\://www.sciencedirect.com/science/article/pii/S266682702100102X:},
    timestamp = {2024-03-21},
    url       = {https://www.sciencedirect.com/science/article/pii/S266682702100102X},
}

@Article{Ledmaoui2023,
    author    = {Ledmaoui, Younes and El Maghraoui, Adila and El Aroussi, Mohamed and Saadane, Rachid and Chebak, Ahmed and Chehri, Abdellah},
    journal   = {Energy Reports},
    title     = {Forecasting solar energy production: A comparative study of machine learning algorithms},
    year      = {2023},
    month     = nov,
    pages     = {1004-1012},
    volume    = {10},
    doi       = {https://doi.org/10.1016/j.egyr.2023.07.042},
    file      = {:Ledmaoui2023 - Forecasting Solar Energy Production_ a Comparative Study of Machine Learning Algorithms.html:URL},
    timestamp = {2024-03-21},
    url       = {https://www.sciencedirect.com/science/article/pii/S2352484723011228},
}

@Article{Tziolis2024,
    author    = {Tziolis, Georgios and Lopez-Lorente, Javier and Baka, Maria-Iro and Koumis, Anastasios and Livera, Andreas and Theocharides, Spyros and Makrides, George and Georghiou, George E.},
    journal   = {Sustainable Energy, Grids and Networks},
    title     = {Direct short-term net load forecasting in renewable integrated microgrids using machine learning: A comparative assessment},
    year      = {2024},
    month     = mar,
    number    = {101256},
    volume    = {37},
    doi       = {https://doi.org/10.1016/j.segan.2023.101256},
    file      = {:Tziolis2024 - Direct Short Term Net Load Forecasting in Renewable Integrated Microgrids Using Machine Learning_ a Comparative Assessment.html:URL},
    timestamp = {2024-03-18},
    url       = {https://www.sciencedirect.com/science/article/pii/S2352467723002643},
}

@Article{Wang2022,
    author    = {Wang, Xiaoyang and Sun, Yunlin and Luo, Duo and Peng, Jingping},
    journal   = {Energy},
    title     = {Comparative study of machine learning approaches for predicting short-term photovoltaic power output based on weather type classification},
    year      = {2022},
    month     = feb,
    number    = {122733},
    volume    = {240},
    doi       = {https://doi.org/10.1016/j.energy.2021.122733},
    file      = {:https\://www.sciencedirect.com/science/article/pii/S0360544221029820:},
    timestamp = {2024-03-13},
    url       = {https://www.sciencedirect.com/science/article/pii/S0360544221029820},
}

@Article{Guerra2024,
    author    = {Guerra, Renata Rojas and Vizziello, Anna and Savazzi, Pietro and Goldoni, Emanuele and Gamba, Paolo},
    journal   = {Computer Networks},
    title     = {Forecasting LoRaWAN RSSI using weather parameters: A comparative study of ARIMA, artificial intelligence and hybrid approaches},
    year      = {2024},
    month     = apr,
    number    = {110258},
    volume    = {243},
    doi       = {https://doi.org/10.1016/j.comnet.2024.110258},
    timestamp = {2024-03-18},
    url       = {https://www.sciencedirect.com/science/article/pii/S1389128624000902},
}

@Article{Bozlak2024,
    author    = {Bozlak, Çağatay Berke and Yaşar, Claudia Fernanda},
    journal   = {Electric Power Systems Research},
    title     = {An optimized deep learning approach for forecasting day-ahead electricity prices},
    year      = {2024},
    month     = apr,
    number    = {110129},
    volume    = {229},
    doi       = {https://doi.org/10.1016/j.epsr.2024.110129},
    timestamp = {2024-03-21},
    url       = {https://www.sciencedirect.com/science/article/pii/S037877962400018X},
}

@Article{Kim2023,
    author    = {Kim, Jaedong and Oh, Seunghwan and Kim, Heesoo and Choi, Woosung},
    journal   = {Engineering Applications of Artificial Intelligence},
    title     = {Tutorial on time series prediction using 1D-CNN and BiLSTM: A case example of peak electricity demand and system marginal price prediction},
    year      = {2023},
    month     = nov,
    number    = {106817},
    volume    = {126, Part A},
    doi       = {https://doi.org/10.1016/j.engappai.2023.106817},
    timestamp = {2024-03-21},
    url       = {https://www.sciencedirect.com/science/article/pii/S0952197623010011},
}

@Article{Hoseinpour2024,
    author    = {Hoseinpour, Milad and Haghifam, Mahmoud-Reza},
    journal   = {Electric Power Systems Research},
    title     = {Prosumers’ cost recovery in peer-to-peer electricity markets},
    year      = {2024},
    month     = jan,
    number    = {109934},
    volume    = {226},
    doi       = {https://doi.org/10.1016/j.epsr.2023.109934},
    timestamp = {2024-03-18},
    url       = {https://www.sciencedirect.com/science/article/pii/S0378779623008222},
}

@Article{Balis2017,
    author    = {Balis, Bartosz and Bubak, Marian and Harezlak, Daniel and Nowakowski Piotr and Pawlik, Maciej and Wilk, Bartosz},
    journal   = {Procedia Computer Science},
    title     = {Towards an operational database for real-time environmental monitoring and early warning systems},
    year      = {2017},
    pages     = {2250-2259},
    volume    = {108},
    doi       = {https://doi.org/10.1016/j.procs.2017.05.193},
    timestamp = {2024-03-11},
    url       = {https://www.sciencedirect.com/science/article/pii/S1877050917307846},
}

@Article{Struckov2019,
    author    = {Struckov, Alexey and Yufa, Semen and Visheratin, Alexander A. and Nasonov, Denis},
    journal   = {Procedia Computer Science},
    title     = {Evaluation of modern tools and techniques for storing time-series data},
    year      = {2019},
    volume    = {156},
    doi       = {https://doi.org/10.1016/j.procs.2019.08.125},
    timestamp = {2024-03-11},
    url       = {https://www.sciencedirect.com/science/article/pii/S1877050919310439},
}

@TechReport{Volta2023,
    author      = {Volta},
    institution = {Volta},
    title       = {CEMS Basisbrochure},
    year        = {2023},
    month       = may,
    type        = {resreport},
}

@TechReport{Konsman2023,
    author      = {Konsman, Mente and Werkman, Ewoud},
    institution = {Ecos},
    title       = {S2 White paper},
    year        = {2023},
    month       = sep,
    type        = {White paper},
    url         = {https://s2standard.org/},
}

@Manual{Fluvius2023,
    title        = {Handleiding digitale elektriciteitsmeterSagemcom - Siconia},
    author       = {Fluvius},
    month        = may,
    organization = {Fluvius System Operator CV},
    year         = {2023},
    url          = {https://www.fluvius.be/sites/fluvius/files/2020-01/100013-handleiding-digitale-meter-elektriciteit.pdf},
}

@Comment{jabref-meta: databaseType:biblatex;}
